<?xml version="1.0" encoding="UTF-8"?><record xmlns="http://www.loc.gov/MARC21/slim" xmlns:cinclude="http://apache.org/cocoon/include/1.0" xmlns:zs="http://www.loc.gov/zing/srw/">
  <leader>00578cz  a2200157n  4500</leader>
  <controlfield tag="001">n  83177940 </controlfield>
  <controlfield tag="003">DLC</controlfield>
  <controlfield tag="005">19930721085341.1</controlfield>
  <controlfield tag="008">830714n| acannaab|          |a aaa |||  </controlfield>
  <datafield tag="010" ind1=" " ind2=" ">
    <subfield code="a">n  83177940 </subfield>
  </datafield>
  <datafield tag="040" ind1=" " ind2=" ">
    <subfield code="a">DLC</subfield>
    <subfield code="c">DLC</subfield>
    <subfield code="d">DLC</subfield>
  </datafield>
  <datafield tag="100" ind1="1" ind2="0">
    <subfield code="a">Demana, Franklin D.,</subfield>
    <subfield code="d">1938-</subfield>
  </datafield>
  <datafield tag="400" ind1="1" ind2="0">
    <subfield code="a">Demana, Frank,</subfield>
    <subfield code="d">1938-</subfield>
  </datafield>
  <datafield tag="670" ind1=" " ind2=" ">
    <subfield code="a">His Transition to college mathematics, 1984:</subfield>
    <subfield code="b">CIP t.p. (Franklin D. Demana) CIP data sheet (b. 1938)</subfield>
  </datafield>
  <datafield tag="670" ind1=" " ind2=" ">
    <subfield code="a">Collegiate mathematics, 1989:</subfield>
    <subfield code="b">CIP t.p. (Franklin Demana)</subfield>
  </datafield>
  <datafield tag="670" ind1=" " ind2=" ">
    <subfield code="a">Exploring statistics with the TI-81, c1993:</subfield>
    <subfield code="b">t.p. (Demana) p. iii (Frank Demana)</subfield>
  </datafield>
</record>